@article{Currim,
  title="{DBMS Metrology: Measuring Query Time}",
  author="{Currim, S. et al.}",
  journal={ACM TODS},
  month="Nov.",
  volume={42},
  number={1},
  pages={3:1--3:42},
  year={2016},
  publisher={ACM}
}

@article{specCpu2006,
    author = {Spradling, Cloyce D.},
    title = "{SPEC CPU2006 Benchmark Tools}",
    journal = {SIGARCH Comp. Arch. News},
    volume = {35},
    issue = {1},
    month = {March},
    year = {2007}
}

@misc{Multi2Sim,
	author="{Multi2Sim~Developer~Team}",
	title="{Multi2Sim's SPEC2006 Benchmark Suite}",
	howpublished = "\url{https://github.com/Multi2Sim/m2s-bench-spec2006}",
	year={, viewed on April 30, 2016}
}

@misc{time_cmd,
	author={Kerrisk, Michael},
	title="{LINUX User's Manual: TIME(1)}",
	howpublished = "\url{http://man7.org/linux/man-pages/man1/time.1.html}",
	year={, viewed on April 29, 2016}
}

@misc{JCGM08,
	author={{\sc Working~Group~2~of~the~Joint~Committee~for~Guides~in~Metrology~(JCGM/WG~2)}},
	title="{\hbox{International} Vocabulary of Metrology---Basic and General Concepts and Associated Terms}",
	year={2008}
}

@article{DiPenta2011,
 author = {Di Penta, Massimiliano and Harman, Mark and Antoniol, Giuliano},
 title = {The Use of Search-based Optimization Techniques to Schedule and Staff Software Projects: An Approach and an Empirical Study},
 journal = {Softw. Pract. Exper.},
 volume = {41},
 number = {5},
 month = {4},
 year = {2011},
 pages = {495--519},
 publisher = {John Wiley \& Sons, Inc.}
}
 
@article{Nesmachnow2015,
 author = {Nesmachnow, Sergio and Luna, Francisco and Alba, Enrique},
 title = "{An Empirical Time Analysis of Evolutionary Algorithms As C Programs}",
 journal = {Softw. Pract. Exper.},
 volume = {45},
 number = {1},
 month = {January},
 year = {2015},
 pages = {111--142},
 publisher = {John Wiley \& Sons, Inc.}
}
 
@article{Collberg2007,
 author = {Collberg, Christian and Myles, Ginger and Stepp, Michael},
 title = "{An Empirical Study of Java Bytecode Programs}",
 journal = {Softw. Pract. Exper.},
 volume = {37},
 number = {6},
 month = {May},
 year = {2007},
 pages = {581--641},
 publisher = {John Wiley \& Sons, Inc.}
}
 
@article{Welponer2012,
 author = {Welponer, Michele and Abeni, Luca and Marchetto, Guido and Cigno, Renato Lo},
 title = "{Measuring and Reducing the Impact of the Operating System Kernel on End-to-end Latencies in Synchronous Packet Switched Networks}",
 journal = {Softw. Pract. Exper.},
 volume = {42},
 number = {11},
 month = {November},
 year = {2012},
 pages = {1315--1330},
 publisher = {John Wiley \& Sons, Inc.}
} 

@article{Hashemian2012,
 author = {Hashemian, Raoufehsadat and Krishnamurthy, Diwakar and Arlitt, Martin},
 title = "{Web Workload Generation Challenges - An Empirical Investigation}",
 journal = {Softw. Pract. Exper.},
 volume = {42},
 number = {5},
 month = {May},
 year = {2012},
 pages = {629--647},
 publisher = {John Wiley \& Sons, Inc.}
} 

@inproceedings{Beyer2015,
 author = {Beyer, Dirk and L{\"o}we, Stefan and Wendler, Philipp},
 title = "{Benchmarking and Resource Measurement}",
 booktitle = {Proceedings of the 22nd International SPIN Symposium on Model Checking of Software (SPIN 2015)},
 year = {2015},
 pages = {160--178},
 publisher = {Springer}
}


@inproceedings{Derose01,
 author = {DeRose, L.~A.},
 title = "{The Hardware Performance Monitor Toolkit}",
 booktitle = {Proceedings of the 7th \hbox{International} \hbox{Euro-Par} Conference Manchester on Parallel Processing (Euro-Par '01)},
 year = {2001},
 pages = {122--131},
  publisher = {\hbox{Springer-Verlag}}
} 

@inproceedings{Graham82,
 author = {Graham, S.~L. and Kessler, P.~B. and McKusick, M.~K.},
 title = "{{\tt gprof}: A Call Graph Execution Profiler}",
 booktitle = {Proceedings of the 1982 SIGPLAN Symposium on Compiler Construction (SIGPLAN '82)},
 year = {1982},
 pages = {120--126},
 publisher = {ACM}
} 

@article{Grund11,
 author = {Grund, D. and Reineke, J. and Gebhard, G.},
 title = "{Branch Target Buffers: WCET Analysis Framework and Timing Predictability}",
 journal = {Journal of Systems Architecture},
 volume = {57},
 number = {6},
 month = {June},
 year = {2011},
 pages = {625--637},
 publisher = {Elsevier}
} 

@misc{intel15,
	author={Intel},
	title="{Intel Turbo Boost Technology 2.0}",
	howpublished = "\url{http://intel.com/content/www/us/en/architecture-and-technology/tu}\linebreak\url{rbo-boost/turbo-boost-technology.html}",
	year={accessed 2016}
}

@misc{intelSpeed15,
	author={Intel},
	title="{Enhanced Intel SpeedStep\textsuperscript{\textregistered} Technology}",
	howpublished = "\url{http://intel.com/content/www/us/en/support/processors/00000}\linebreak\url{5723.html}",
	year={accessed 2016}
}

@misc{timeSrc,
	author={man7.org},
	title="{Linux Programmer's Manual}",
	howpublished = "\url{http://man7.org/linux/man-pages/man7/time.7.html}",
	year={}
}



@misc{CXperf01,
	author={HP~CXperf},
	title="{HP CXperf Performance Analyzer}",
	howpublished = "\url{http://www.hp.com/softwarereleases/releases-media2/proginfo/mail176/5971-4689.htm}",
	year={}
}

@misc{VTune,
	author={Intel},
	title="{VTune\textsuperscript{TM} Amplifier XE 2013}",
	howpublished = "\url{https://software.intel.com/en-us/intel-vtune-amplifier-xe}",
	year={}
}

@misc{Netlink,
	author={{Linux~Programmer's~Manual}},
	title="{Netlink - Communication \hbox{between} Kernel and User Space ({\tt AF\_NETLINK})}",
	howpublished = "\url{http://man7.org/linux/man-pages/man7/netlink.7.html}",
	year={}
}

@article{MalladaMH0T14,
 author = {Mallada, Enrique and Meng, Xiaoqiao and Hack, Michel and Zhang, Li and Tang, Ao},
 title = "{Skewless Network Clock \hbox{Synchronization} Without \hbox{Discontinuity}: Convergence and Performance}",
 journal = {IEEE/ACM Transactions on Networking (TON)},
 volume = {23},
 number = {5},
 month = {October},
 year = {2015},
  pages = {1619--1633},
 publisher = {IEEE}
} 

@book{Mcgeoch12,
  title="\textbf{A Guide to Experimental Algorithmics}",
  author={Mcgeoch, C.~C.},
  year={2012},
  publisher={Cambridge University \hbox{Express}}
}

@misc{WMI,
	author={Microsoft},
	title="{Windows Management Instrumentation}",
	howpublished = "\url{http://msdn.microsoft.com/en-us/library/aa394582(v=vs.85).aspx}",
	year={}
}

@article{Mills,
 author = {Mills, D.~L.},
 title = "{Internet Time Synchronization: The Network Time Protocol}",
 journal = {IEEE Transations on Communication},
 volume = {39},
 number = {10},
 month = {October},
 year = {1991},
  pages = {1482--1493},
 publisher = {IEEE}
} 

@inproceedings{Odom05,
 author = "{Odom, J. et al.}",
 title = "{Using Dynamic Tracing Sampling to \hbox{Measure} Long Running Programs}",
 booktitle = {Proc. of ACM/IEEE Int. Conf. on Supercomputing (SC)},
 year = {2005},
 pages = {59},
  publisher = {IEEE}
} 

@misc{OProfile14,
	author={OProfile},
	title="{OProfile: A System-wide Profiler for Linux Systems}",
	howpublished = "\url{http://oprofile.sourceforge.net}",
	year={, viewed on July 15, 2014}
}

@misc{RedHat,
	author={{Red~Hat}},
	title="{Red Hat Enterprise Linux 6.4 Technical Notes - \hbox{Networking} \hbox{Timing} Protocol}",
	howpublished = "\url{https://access.redhat.com/site/documentation/en-US/Red_Hat_Enterprise_Linux/6/html/6.4_Technical_Notes/ntp.html}",
	year={, viewed on Jan 17, 2014}
}
	
@misc{RedHat2,
	author={{Red~Hat}},
	title="{Red Hat Enterprise Linux}",
	howpublished = "\url{http://www.redhat.com/en/technologies/linux-platforms/enterprise-linux}",
	year={, viewed on April 10, 2014}
}

@misc{Kernel,
	author={{The~Linux~Kernel~Archives}},
	title="{Per-task Statistics Interface}",
	howpublished = "\url{https://www.kernel.org/doc/Documentation/accounting/taskstats.txt}",
	year={viewed on April 10, 2014}
}

@misc{procstat,
	author={{The~Linux~Kernel~Archives}},
	title="{The  {\tt /proc} Filesystem}",
	howpublished = "\url{https://www.kernel.org/doc/Documentation/filesystems/proc.txt}",
	year={viewed on April 10, 2016}
}

@article{Santos10,
 author = {Santos, O.~M.~D. and Wellings, A.},
 title = "{Measuring and Policing Blocking Times in Real-time \hbox{Systems}}",
 journal = {ACM Transactions on Embedded Computing Systems (TECS)},
 volume = {10},
 number = {2},
 month = aug,
 year = {2010},
  pages = {1--29},
 publisher = {ACM}
} 

@book{Stevens03,
  title="\textbf{UNIX Network Programming: Networking APIs, Second Edition, Vol. 1}",
  author={Stevens, W.~R.},
  year={2003},
  publisher={Prentice Hall}
}

@book{Stevens05,
  title="\textbf{Advanced Programming in the UNIX\textsuperscript{\textregistered} Environment (2nd Edition)}",
  author={Stevens, W.~R. and Rago, S.~A.},
  year={2005},
  publisher={Addison-Wesley Professional}
}

@article{Suh14,
 author = {Suh, Y.-K. and Snodgrass, R.~T. and Zhang, R.},
 title = "{\hbox{{\sc AZDBLab}:} A Lab Information System for \hbox{Large-scale} Empirical DBMS Studies}",
 journal = {Proceedings of the VLDB Endowment (PVLDB)},
 volume = {7},
 number = {13},
 month = {September},
 year = {2014},
 pages = {1641--1644},
 publisher = {VLDB Endowment}
} 

@misc{TimeSys,
	author={{TimeSys~Corporation}},
	title="{Timesys LinuxLink}",
	howpublished = "\url{http://www.timesys.com/embedded-linux/linuxlink}",
	year={accessed 2016}
}

@book{Wadleigh00,
  title="\textbf{Software Optimization for High-Performance \hbox{Computing}}",
  author={Wadleigh, K.~R. and Crawford, I.~L.},
  year={2000},
  publisher={Prentice Hall}
}

@article{Wilhelm08,
 author = "{R. Wilhelm et al.}",
 title = "{The Worst-case Execution-time Problem---Overview of Methods and Survey of Tools}",
 journal = {ACM Transactions on Embedded Computing Systems (TECS)},
 volume = {7},
 number = {3},
 month = {May},
 year = {2008},
 pages = {1--53},
  publisher = {ACM}
} 

@misc{WindView,
	author={{Wind~River}},
	title="{Wind River Workbench}",
	howpublished = "\url{http://www.windriver.com/products/product-notes/workbench-prod}\linebreak\url{uct-note.pdf}",
	year={accessed 2016}
}

@inproceedings{SpeedShop,
 author = {Zagha, M. and Larson, B. and Turner, S. and Itzkowitz, M.},
 title = "{Performance Analysis Using the MIPS R10000 Performance Counters}",
 booktitle = {Proceedings of the 1996 ACM/IEEE Conference on Supercomputing (SC '96)},
 year = {1996},
 articleno = {16},
 publisher = {IEEE}
} 

@article{Burns93,
 author = {Burns, A. and Wellings, A. J.},
 title = "{Measuring, Monitoring and Enforcing CPU Execution Time}",
 journal = {Ada Letters},
 volume = {XIII},
 number = {2},
 month = mar,
 year = {1993},
 pages = {54--64},
 publisher = {ACM}
} 

@misc{PS,
	author={Chaney, C. and DeWitt, J. and Ganesan, K. and Jagoda, J.~S. and Jones, S.~T. and Johnson, M. and Kacur, J. and Lenz, I.~N. 
	and Levine, F. and Mu, M. and Milenkovic, M. and Nomura, D. and Pineda, E. and Shih, P.~C. and Thomas, N.~M. and Twichell, B. and Urquhart, R.~J. and Zhang, X.},
	title="{Performance Inspector}",
	howpublished = "\url{http://perfinsp.sourceforge.net}",
	year={, viewed on July 15, 2014}
}

@book{Randal03,
  title="\textbf{Computer Systems: A Programmer’s \hbox{Perspective}}",
  author={Bryant, E.~R. and O'Hallaron, D.~R.},
  year={2002},
  publisher={Addison Wesley}
}

@book{Bovet,
  title="\textbf{Understanding the Linux Kernel (3rd Edition)}",
  author={Bovet, D.~P. and Cesati, M.},
  year={2005},
  publisher={O'Reilly Media}
}

@inproceedings{PAPI00,
    author = {Browne, S. and Dongarra, J. and Garner, N. and London, K. and Mucci, P.},
    title = "{A Scalable Cross-platform Infrastructure for Application Performance Tuning Using Hardware Counters}",
    booktitle = {Proceedings of the 2000 ACM/IEEE Conference on Supercomputing (SC'00)},
    year = {2000},
    articleno = {42}
}

@article{DCPI,
    author = { Anderson, J.~M. and Berc, L.~M. and Dean, J. and Ghemawat, S. and Henzinger, M.~R. and Leung, S.-T.~A. 
    and Sites, R.~L. and Vandevoorde, M.~T. and Waldspurger, C.~A. and Weihl, W.~E.},
    title = "{Continuous Profiling: Where Have All the Cycles Gone?}",
    journal = {ACM Transactions on Computer Systems},
    year = {1997},
    volume = {15},
 	number = {4},
 	month = {November},
 	pages = {357--390}
}

@misc{PCL14,
	author={Berrendorf, R. and Ziegler, H. and Mohr, B.},
	title="{PCL - The Performance Counter Library}",
	howpublished = "\url{http://berrendorf.inf.h-brs.de/PCL/PCL.html}",
	year={, viewed on July 16, 2014}
}
