@inproceedings{Avnur,
 author = {Avnur, Ron and Hellerstein, Joseph M.},
 title = {Eddies: Continuously Adaptive Query Processing},
 booktitle = {Proceedings of the 2000 ACM SIGMOD International Conference on Management of Data},
 year = {2000},
 location = {Dallas, Texas, USA},
 pages = {261--272},
 publisher = {ACM},
 address = {New York, NY, USA}
} 

@inproceedings{Babcock05,
 author = {Babcock, Brian and Chaudhuri, Surajit},
 title = {Towards a Robust Query Optimizer: A Principled and Practical Approach},
 booktitle = {Proceedings of the 2005 ACM SIGMOD International Conference on Management of Data},
 year = {2005},
 location = {Baltimore, Maryland},
 pages = {119--130},
 publisher = {ACM},
 address = {New York, NY, USA}
} 

@article{Bellamkonda13,
 author = {Bellamkonda, Srikanth and Li, Hua-Gang and Jagtap, Unmesh and Zhu, Yali and Liang, Vince and Cruanes, Thierry},
 title = {Adaptive and Big Data Scale Parallel Execution in Oracle},
 journal = {Proc. VLDB Endow.},
 volume = {6},
 number = {11},
 month = aug,
 year = {2013},
 pages = {1102--1113},
 publisher = {VLDB Endowment}
} 

@article{campbell88,
  title={Task complexity: A review and analysis},
  author={Campbell, Donald J},
  journal={Academy of Management Review},
  volume={13},
  number={1},
  pages={40--52},
  year={1988},
  publisher={Academy of Management}
}

@inproceedings{Chaudhuri98,
 author = {Chaudhuri, Surajit},
 title = {An Overview of Query Optimization in Relational Systems},
 booktitle = {Proceedings of the Seventeenth ACM SIGACT-SIGMOD-SIGART Symposium on Principles of Database Systems},
 year = {1998},
 location = {Seattle, Washington, USA},
 pages = {34--43},
 publisher = {ACM},
 address = {New York, NY, USA}
} 

@book{cohenbook,
 author = {Cohen, Paul},
 title = "\textbf{Empirical Methods for Artificial Intelligence}",
 year = {1995},
 publisher = {MIT Press},
 address = {Cambridge, MA, USA}
} 

@inproceedings{TTPv1,
 author = {Currim, Sabah and Snodgrass, Richard T. and Suh, Young-Kyoon and Zhang, Rui and Johnson, Matthew Wong and Yi, Cheng},
 title = {DBMS Metrology: Measuring Query Time},
 booktitle = {Proceedings of the 2013 ACM SIGMOD International Conference on Management of Data},
 year = {2013},
 location = {New York, New York, USA},
 pages = {421--432},
 publisher = {ACM},
 address = {New York, NY, USA}
} 

@article{TTPv2,
 author = {Currim, Sabah and Snodgrass, Richard T. and Suh, Young-Kyoon and Zhang, Rui},
 title = {DBMS Metrology: Measuring Query Time},
 journal = {ACM Transactions on Database Systems},
 volume = {42},
 number = {1},
 month = nov,
 year = {2016},
 pages = {3:1--3:42},
 articleno = {3},
 numpages = {42},
 publisher = {ACM},
 address = {New York, NY, USA}
} 

@article{davies,
  title="\textbf{The Scientific Approach}",
  author={Davies, John Tasman},
  year={1973},
  publisher={Academic Press}
}

@book{gamma95,
  title="\textbf{Design Patterns: Elements of Reusable Object-Oriented Software}",
  author={Gamma, Erich and Helm, Richard and Johnson, Ralph and Vlissides, John},
  year={1995},
  publisher={Addison-Wesley}
}

@article{Graefe93,
 author = {Graefe, Goetz},
 title = {Query Evaluation Techniques for Large Databases},
 journal = {ACM Computing Survey},
 volume = {25},
 number = {2},
 month = jun,
 year = {1993},
 pages = {73--169},
 publisher = {ACM},
 address = {New York, NY, USA}
} 

@inproceedings{harish07,
 author = {D, Harish and Darera, Pooja N. and Haritsa, Jayant R.},
 title = {On the Production of Anorexic Plan Diagrams},
 booktitle = {Proceedings of the 33rd International Conference on Very Large Data Bases},
 year = {2007},
 location = {Vienna, Austria},
 pages = {1081--1092},
 publisher = {VLDB Endowment}
} 

@article{Haritsa10,
 author = {Haritsa, Jayant R.},
 title = {The Picasso Database Query Optimizer Visualizer},
 journal = {Proc. VLDB Endow.},
 volume = {3},
 number = {1-2},
 month = sep,
 year = {2010},
 pages = {1517--1520},
 publisher = {VLDB Endowment}
} 

@article{hevner04,
 author = {Hevner, Alan R. and March, Salvatore T. and Park, Jinsoo and Ram, Sudha},
 title = {Design Science in Information Systems Research},
 journal = {MIS Quarterly},
 volume = {28},
 number = {1},
 month = mar,
 year = {2004},
 pages = {75--105},
 publisher = {Society for Information Management and The Management Information Systems Research Center},
 address = {Minneapolis, MN, USA}
} 

@inproceedings{Hulgen03,
 author = {Hulgeri, Arvind and Sudarshan, S.},
 title = {AniPQO: Almost Non-intrusive Parametric Query Optimization for Nonlinear Cost Functions},
 booktitle = {Proceedings of the 29th International Conference on Very Large Data Bases},
 year = {2003},
 location = {Berlin, Germany},
 pages = {766--777},
 publisher = {VLDB Endowment}
} 

@article{Ioannidis96,
 author = {Ioannidis, Yannis E.},
 title = {Query Optimization},
 journal = {ACM Computing Survey},
 volume = {28},
 number = {1},
 month = mar,
 year = {1996},
 pages = {121--123},
 publisher = {ACM},
 address = {New York, NY, USA}
} 

@inproceedings{Ioannidis03,
 author = {Ioannidis, Yannis},
 title = {The History of Histograms (Abridged)},
 booktitle = {Proceedings of the 29th International Conference on Very Large Data Bases - Volume 29},
 year = {2003},
 location = {Berlin, Germany},
 pages = {19--30},
 publisher = {VLDB Endowment}
} 

@techreport{SQL2008,
 author = {ISO},
 institution = {International Organization for Standardization},
 address = {Geneva, Switzerland},
 title = {ISO SQL:2008 International Standard},
 type = {ISO},
 year = {2008}
}
 
@article{Jarke84,
 author = {Jarke, Matthias and Koch, Jurgen},
 title = {Query Optimization in Database Systems},
 journal = {ACM Computing Survey},
 volume = {16},
 number = {2},
 month = jun,
 year = {1984},
 pages = {111--152},
 publisher = {ACM},
 address = {New York, NY, USA}
} 

@inproceedings{kabra98,
 author = {Kabra, Navin and DeWitt, David J.},
 title = {Efficient Mid-query Re-optimization of Sub-optimal Query Execution Plans},
 booktitle = {Proceedings of the 1998 ACM SIGMOD International Conference on Management of Data},
 year = {1998},
 location = {Seattle, Washington, USA},
 pages = {106--117},
 publisher = {ACM},
 address = {New York, NY, USA}
} 

@article{Leis15,
 author = {Leis, Viktor and Gubichev, Andrey and Mirchev, Atanas and Boncz, Peter and Kemper, Alfons and Neumann, Thomas},
 title = {How Good Are Query Optimizers, Really?},
 journal = {Proc. VLDB Endow.},
 volume = {9},
 number = {3},
 month = nov,
 year = {2015},
 issn = {2150-8097},
 pages = {204--215},
 publisher = {VLDB Endowment}
} 

@inproceedings{Li07, 
author={Li, Quanzhong and Shao, Minglong and Markl, Volker and Beyer, Kevin and Colby, Latha and Lohman, Guy}, 
booktitle={Proceedings of the 23rd IEEE International Conference on Data Engineering}, 
title={Adaptively Reordering Joins during Query Execution}, 
location = {Istanbul, Turkey},
year={2007}, 
pages={26-35}, 
month={April},
location = {Berlin, Germany},
address = {Washington, D.C., USA},
 publisher = {IEEE Computer Society}
}

@article{Mannino88,
 author = {Mannino, Michael V. and Chu, Paicheng and Sager, Thomas},
 title = {Statistical Profile Estimation in Database Systems},
 journal = {ACM Computing Survey},
 volume = {20},
 number = {3},
 month = sep,
 year = {1988},
 pages = {191--221},
 publisher = {ACM},
 address = {New York, NY, USA}
} 

@book{Melton03,
  title="\textbf{Advanced SQL: 1999}",
  author={Melton, Jim},
  year={2003},
   address = {Burlington, MA, USA},
  publisher={Morgan Kaufmann}
}

@techreport{Melton11,
	author={Melton, Jim},
	institution = {International Organization for Standardization},
 	title={Database languages SQL:2016 Part 2: Foundation (SQL/Foundation)},
	howpublished = "ISO/IEC 9075-2",
	year={2016}
}

@book{Melton93,
  title="\textbf{Understanding the New SQL: A Complete Guide}",
  author={Melton, Jim and Simon, Alan R},
  year={1993},
   address = {Burlington, MA, USA},
  publisher={Morgan Kaufmann}
}

@inproceedings{moody98,
 author = {Moody, Daniel L.},
 title = {Metrics for Evaluating the Quality of Entity Relationship Models},
 booktitle = {Proceedings of the 17th International Conference on Conceptual Modeling},
 year = {1998},
 pages = {211--225},
 publisher = {Springer-Verlag},
 address = {London, UK}
} 

@book{Ramakrishnan03,
 author = {Ramakrishnan, Raghu and Gehrke, Johannes},
 title = "\textbf{Database Management Systems}",
 year = {2003},
 edition = {3},
 publisher = {McGraw-Hill, Inc.},
 address = {New York, NY, USA}
} 

@inproceedings{reddy05,
 author = {Reddy, Naveen and Haritsa, Jayant R.},
 title = {Analyzing Plan Diagrams of Database Query Optimizers},
 booktitle = {Proceedings of the 31st International Conference on Very Large Data Bases},
 year = {2005},
 location = {Trondheim, Norway},
 pages = {1228--1239},
 numpages = {12},
 publisher = {VLDB Endowment}
} 

@inproceedings{reiss03,
 author = {Reiss, Frederick R. and Kanungo, Tapas},
 title = {A Characterization of the Sensitivity of Query Optimization to Storage Access Cost Parameters},
 booktitle = {Proceedings of the 2003 ACM SIGMOD International Conference on Management of Data},
 year = {2003},
 location = {San Diego, California},
 pages = {385--396},
 publisher = {ACM},
 address = {New York, NY, USA}
} 

@inproceedings{Selinger,
 author = {Selinger, P. Griffiths and Astrahan, M. M. and Chamberlin, D. D. and Lorie, R. A. and Price, T. G.},
 title = {Access Path Selection in a Relational Database Management System},
 booktitle = {Proceedings of the 1979 ACM SIGMOD International Conference on Management of Data},
 year = {1979},
 location = {Boston, Massachusetts},
 pages = {23--34},
 publisher = {ACM},
 address = {New York, NY, USA}
} 

@article{Suh17,
 author = {Suh, Young-Kyoon and Snodgrass, Richard T. and Currim, Sabah},
 title = {An Empirical Study of Transaction Throughput Thrashing Across Multiple Relational DBMSes},
 journal = {Information Systems},
 numpages = {19},
 doi = {http://dx.doi.org/10.1016/j.is.2016.12.004},
 publisher = {Elsevier},
 address = {Oxford, England}
} 

@article{winslett02,
 author = {Winslett, Marianne},
 title = {David DeWitt Speaks Out},
 journal = {SIGMOD Record},
 volume = {31},
 number = {2},
 month = jun,
 year = {2002},
 pages = {50--62},
 publisher = {ACM},
 address = {New York, NY, USA}
} 
