@inproceedings{agrawal2000automated,
  title="{Automated Selection of Materialized Views and Indexes in SQL Databases}",
  author={Agrawal, Sanjay and Chaudhuri, Surajit and Narasayya, Vivek R.},
  booktitle={Proceedings of the 26th International Conference on Very Large Data Bases},
  series = {VLDB '00},
  pages={496--505},
  address =      {San Francisco, CA, USA},
  publisher =    {Morgan Kaufmann Publishers Inc.},
  year={2000}
}

@INPROCEEDINGS{agrawal04:integrating,
  AUTHOR = {Agrawal, Sanjay and Narasayya, Vivek and Yang, Beverly},
  TITLE = "{Integrating Vertical and Horizontal Partitioning into Automated Physical Database Design}",
  BOOKTITLE = {Proceedings of the 30th ACM SIGMOD International Conference on Management of Data},
  series = {SIGMOD '04},
  YEAR = {2004},
  pages={359--370},
  publisher = {ACM}
}

@inproceedings{Agrawal04:sqlserver,
  title="{Database Tuning Advisor for Microsoft SQL Server 2005: Demo}",
  author={Agrawal, Sanjay and Chaudhuri, Surajit and Kollar, Lubor and Marathe, Arun and Narasayya, Vivek and Syamala, Manoj},
  booktitle = {Proceedings of the 31st ACM SIGMOD International Conference on Management of Data},
  series = {SIGMOD '05},
  pages={930--932},
  year={2005},
  publisher = {ACM},
  address = {New York, NY, USA}
}

@ARTICLE{chaudhuri1998autoadmin,
  title="{AutoAdmin `What-If' Index Analysis Utility}",
  author={Chaudhuri, Surajit and Narasayya, Vivek},
  journal={SIGMOD Record},
  volume={27},
  number={2},
  pages={367--378},
  year={1998}
}

@article{dash2011cophy,
 author = {Dash, Debabrata and Polyzotis, Neoklis and Ailamaki, Anastasia},
 title = {CoPhy: A Scalable, Portable, and Interactive Index Advisor for Large Workloads},
 journal = {Proceedings of the VLDB Endowment (PVLDB)},
 volume = {4},
 number = {6},
 year = {2011},
 pages = {362--372}
} 

@article{finkelstein1988physical,
  title="{Physical Database Design for Relational Databases}",
  author={Finkelstein, S. and Schkolnick, M. and Tiberio, P.},
  journal={ACM Transactions on Database Systems},
  volume={13},
  number={1},
  pages={91--128},
  year={1988}
}


@article{Kimura11,
  author    = {Kimura, Hideaki and Narasayya, Vivek and Syamala, Manoj},
  title     = "{Compression Aware Physical Database Design}",
  journal   = {Proceedings of the VLDB Endowment (PVLDB)},
  volume    = {4},
  number    = {10},
  year      = {2011},
  pages     = {657--668}
}

@MISC{klindt09mlppi,
      author = {Klindt, J.},
      title = "{Single-level and Multilevel Partitioned Primary Indexes}",
      note = {[Online]. Available: http://www.teradata.com/white-papers/Single-level-and-Multilevel-Partitioned-Primary-Indexes-eb1889/ (current July 2015)}
}

@inproceedings{labio1997physical,
  title="{Physical Database Design for Data Warehouses}",
  author={Labio, Wilburt and Quass, Dallan and Adelberg, Brad},
  booktitle = {Proceedings of the 13th International Conference on Data Engineering},
  series = {ICDE '97},
  pages={277--288},
  year={1997},
  address = {Washington, DC, USA},
  publisher={IEEE Computer Society}
}

@INPROCEEDINGS{Lightstone04:db2auto,
    AUTHOR = {Lightstone, Sam S. and Bhattacharjee, Bishwaranjan},
    TITLE = "{Automated Design of Multi-dimensional Clustering Tables for Relational Databases}",
    BOOKTITLE = {Proceedings of the 30th International Conference on Very Large Data Bases},
    series = {VLDB '04},
	YEAR = {2004},
    PAGES = {1170--1181},
    publisher = {VLDB Endowment}
}

@MISC{itwsqlserver,
      author = {{Microsoft~SQL~Server~2000}},
      title = "{Index Tuning Wizard SQL Server 2000}",
      note = {[Online]. Available: http://technet.microsoft.com/en-us/library/cc966541.aspx (current March 2012)}
}

@inproceedings{nehme2011automated,
  title="{Automated Partitioning Design in Parallel Database Systems}",
  author={Nehme, Rimma and Bruno, Nicolas},
  booktitle = {Proceedings of the 37th ACM SIGMOD International Conference on Management of Data},
  series = {SIGMOD '11},
  pages={1137--1148},
  year={2011},
  organization={ACM},
  address = {New York, NY, USA}
}

@MISC{oneil:ssb,
      author = {O'Neil, Pat and O'Neil, Betty and Chen, Xuedong},
      title = "{The Star Schema Benchmark (SSB)}",
      note = {[Online]. Available: http://www.cs.umb.edu/~poneil/StarSchemaB.PDF (current February 2017)}
}

@MISC{sheet2009oracle,
  author={Oracle},
  title="{Partitioning Advisor}",
  note = {[Online]. Available: http://www.oracle.com/technetwork/database/ options/partitioning/twp-partitioning-11gr2-2009-09-130569.pdf (current February 2017)}
}

@MISC{saa2007oracle,
  author={Oracle},
  title="{SQL Access Advisor}",
  note = {[Online]. Available: http://docs.oracle.com/cd/B19306\_01/server.1 02/b14211/advisor.htm (current March 2012)}
}

@inproceedings{rao2002automating,
  title="{Automating Physical Database Design in A Parallel Database}",
  author={Rao, Jun and Zhang, Chun and Megiddo, Nimrod and Lohman, Guy},
  booktitle={Proceedings of the 28th ACM SIGMOD International Conference on Management of Data},
  series = {SIGMOD '02},
  pages={558--569},
  year={2002},
  publisher = {ACM},
  address = {New York, NY, USA}
}

@inproceedings{rozen1991framework,
  title="{{A Framework for Automating Physical Database Design}}",
  author={Rozen, Steve and Shasha, Dennis},
  booktitle={Proceedings of the 17th International Conference on Very Large Data Bases},
  series = {VLDB '91},
   pages={401--411},
  year={1991},
  publisher = {Morgan Kaufmann Publishers Inc.},
 address = {San Francisco, CA, USA}
}

@MISC{sinclair:ppi,
      author = "Sinclair, P.",
      title = "{Using PPIs to Improve Performance}",
      year = {2008},
      note = {[Online]. Available: http://www.teradata.com/tdmo/v08n03/pdf/AR5731.pdf (current August 2015)}    
}

@inproceedings{idreoskm07,
  author    = {Idreos, Stratos and Kersten, Martin L. and Manegold, Stefan},
  title     = "{Database Cracking}",
  booktitle = {Proceedings of the 3rd Biennial Conference on Innovative Data Systems Research},
  series = {CIDR '07},
  year      = {2007},
  pages     = {68-78}
}

@inproceedings{Suh12,
 author = {Suh, Young-Kyoon and Ghazal, Ahmad and Crolotte, Alain and Kostamaa, Pekka},
 title = "{A New Tool for Multi-level Partitioning in Teradata}",
 booktitle = {Proceedings of the 21st ACM International Conference on Information and Knowledge Management},
 series = {CIKM '12},
 year = {2012},
 pages = {2214--2218},
 publisher = {ACM},
 address = {New York, NY, USA}
}

@inproceedings{tatarowicz2012lookup,
  title="{Lookup Tables: Fine-grained Partitioning for Distributed Databases}",
  author="{Tatarowicz, A. et. al.}",
  booktitle={Proceedings of the 28th IEEE International Conference on Data Engineering},
  series = {ICDE '12},
  year={2012},
  publisher = {IEEE Computer Society},
  address = {Washington, DC, USA}
}

@inproceedings{valentin2000db2,
  title="{DB2 Advisor: An Optimizer Smart Enough to Recommend Its Own Indexes}",
  author={Valentin, Gary and Zuliani, Michael and Zilio, Daniel C. and Lohman, Guy and Skelley, Alan},
  booktitle={Proceedings of the 16th International Conference on Data Engineering},
  series = {ICDE '00},
  pages={101--110},
  year={2000},
 publisher = {IEEE Computer Society},
  address = {Washington, DC, USA}
}

@phdthesis{Zilio1998,
 author = {Zilio, Daniel Costante},
 title = "{{Physical Database Design Decision Algorithms and Concurrent Reorganization for Parallel Database Systems}}",
 year = {1998},
 school = {Department of Computer Science, University of Toronto}
} 


@inproceedings{zilio2004recommending,
  title="{Recommending Materialized Views and Indexes with the IBM DB2 Design Advisor}",
  author={Zilio, Daniel C. and Zuzarte, Calisto and Lohman, Guy M. and Pirahesh, Hamid and Gryz, Jarek and Alton, Eric and Liang, Dongming and Valentin, Gary},
  booktitle={Proceedings of the First International Conference on Autonomic Computing},
  series = {ICACâ€™04},
  pages={180--188},
  year={2004},
  organization={IEEE}
}

@INPROCEEDINGS{Zilio04:db2design,
    AUTHOR = {Zilio, Daniel C. and Rao, Jun and Lightstone, Sam and Lohman, Guy and Storm, Adam and Garcia-Arellano, Christian and Fadden, Scott},
    TITLE = "{DB2 Design Advisor: Integrated Automatic Physical Database}",
    BOOKTITLE = {Proceedings of the Thirtieth International Conference on Very Large Data Bases},
    YEAR = {2004},
    series = {VLDB '04},
     pages = {1087--1097},
     publisher = {VLDB Endowment}
}
