@INPROCEEDINGS{Agrawal94VLDB,
  AUTHOR =       {Agrawal, R. and Srikant, R.},
  TITLE =        {Fast Algorithms for Mining Association Rules},
  BOOKTITLE =    {Proceedings of the 20th International Conference on Very Large Databases},
  YEAR =         {1994},
  pages =        {487--499},
  address =      {Santiago, Chile},
  publisher =    {Morgan Kaufmann}
}

@BOOK{DatabaseBook02,
  AUTHOR =       {Garcia-Molina, H. and Ullman, D. J. and Widom, J.},
  TITLE =        {Database Systems: The Complete Book},
  PUBLISHER =    {Prentice Hall},
  YEAR =         {2002},
  address =      {New Jersey, USA}
}

@ARTICLE{Temporal97TDS,
  AUTHOR =       {Wang, X. and Bettini, C. and Brodsky, A. and Jajoida, S.},
  TITLE =        {Logical Design for Temporal Databases with Multiple Granularities},
  JOURNAL =      {ACM Transactions on Database Systems},
  YEAR =         {1997},
  volume =       {22},
  number =       {2},
  pages =        {115--170}
}

@INCOLLECTION{Enc97LNCS,
  AUTHOR =       {Bruce, K. B. and Cardelli, L. and Pierce, B. C.},
  TITLE =        {Comparing Object Encodings},
  BOOKTITLE =    {Theoretical Aspects of Computer Software},
  PUBLISHER =    {Springer-Verlag, Berlin Heidelberg New York},
  YEAR =         {1997},
  editor =       {Abadi, M. and Ito, T.},
  volume =       {1281},
  series =       {Lecture Notes in Computer Science},
  pages =        {415--438}
}

@BOOK{CS95,
  editor =       {van Leeuwen, J.},
  TITLE =        {Computer Science Today. Recent Trends and Developments},
  PUBLISHER =    {Springer-Verlag, Berlin Heidelberg New York},
  YEAR =         {1995},
  volume =       {1000},
  series =       {Lecture Notes in Computer Science}
}

@MISC{Ontology02,
  author =       {Ribi\v{c}re, M. and Charlton, P.},
  title =        {Ontology Overview},
  howpublished = {Motorola Labs, Paris},
  year =         {2002},
  note =         {[Online]. Available: http://www.fipa.org/docs/input/f-in-00045/f-in-00045.pdf (current October 2003)}
}


@inproceedings{idreoskm07,
  author    = "{Stratos Idreos et. al.}",
  title     = "{Database Cracking}",
  booktitle = {CIDR},
  year      = {2007},
  pages     = {68-78}
}
@inproceedings{tatarowicz2012lookup,
  title="{Lookup Tables: Fine-grained Partitioning for Distributed Databases}",
  author="{Tatarowicz, A. et. al.}",
  booktitle={ICDE},
  year={2012}
}

@article{Kimura11,
  author    = "{Kimura, H. et. al.}",
  title     = "{{Compression Aware Physical Database Design}}",
  journal   = {PVLDB},
  volume    = {4},
  number    = {10},
  year      = {2011},
  pages     = {657--668},
}

@phdthesis{Zilio1998,
 author = "{Zilio, D.}",
 title = "{{Physical Database Design Decision Algorithms and Concurrent Reorganization for Parallel Database Systems}}",
 year = {1998},
 school = {Department of Computer Science, University of Toronto}
} 

@inproceedings{rozen1991framework,
  title="{{A Framework for Automating Physical Database Design}}",
  author="{Rozen, S. et. al.}",
  booktitle={VLDB},
  pages={401--411},
  year={1991},
  organization={VLDB Endowment.}
}

@inproceedings{labio1997physical,
  title="{{Physical Database Design for Data Warehouses}}",
  author="{Labio, W.J. et. al.}",
  booktitle={ICDE},
  pages={277--288},
  year={1997},
  organization={IEEE Computer Society}
}

@article{finkelstein1988physical,
  title="{Physical Database Design for Relational Databases}",
  author="{Finkelstein, S. et. al.}",
  journal={ACM TODS},
  volume={13},
  number={1},
  pages={91--128},
  year={1988},
  publisher={ACM}
}

@article{lightstone2002toward,
  title="{Toward Autonomic Computing with DB2 Universal Database}",
  author="{Lightstone, S.S. et. al.}",
  journal={SIGMOD Record},
  volume={31},
  number={3},
  pages={55--61},
  year={2002},
  publisher={ACM}
}
@inproceedings{dageville2004automatic,
  title="{Automatic SQL Tuning in Oracle 10g}",
  author="{Dageville, B. et. al.}",
  booktitle={VLDB},
  pages={1098--1109},
  year={2004},
  organization={VLDB Endowment}
}

@inproceedings{agrawal2006automatic,
  title="{Automatic Physical Design Tuning: Workload as A Sequence}",
  author="{Agrawal, S. et. al.}",
  booktitle={SIGMOD},
  pages={683--694},
  year={2006},
  organization={ACM}
}
@article{dash2011cophy,
  title="{CoPhy: A Scalable, Portable, and Interactive Index Advisor for Large Workloads}",
  author="{Dash, D. et. al.}",
  journal={PVLDB},
  volume={4},
  number={6},
  pages={362--372},
  year={2011},
  publisher={VLDB Endowment}
}

@inproceedings{frank1992adaptive,
  title="{Adaptive and Automated Index Selection in RDBMS}",
  author="{Frank, M. et. al.}",
  booktitle={Proceedings of the 1992 EDBT},
  pages={277--292},
  year={1992},
  organization={Springer}
}
@inproceedings{valentin2000db2,
  title="{DB2 Advisor: An Optimizer Smart Enough to Recommend Its Own Indexes}",
  author="{Valentin, G. et. al.}",
  booktitle="{ICDE}",
  pages={101--110},
  year={2000},
  organization={IEEE}
}
@inproceedings{agrawal2000automated,
  title="{Automated Selection of Materialized Views and Indexes in SQL Databases}",
  author="{Agrawal, S. et. al.}",
  booktitle="{VLDB}",
  pages={496--505},
  year={2000}
}
@article{chaudhuri1998autoadmin,
  title="{AutoAdmin `What-If' Index Analysis Utility}",
  author="{Chaudhuri, S. et. al.}",
  journal={SIGMOD Record},
  volume={27},
  number={2},
  pages={367--378},
  year={1998},
  publisher={ACM}
}
@INPROCEEDINGS{agrawal04:integrating,
  AUTHOR = "{Agrawal, S. et. al.}",
  TITLE = "{Integrating Vertical and Horizontal Partitioning into Automated Physical Database Design}",
  BOOKTITLE = "SIGMOD",
  YEAR = {2004},
  PAGES = "359--370",
  ORGANIZATION = "ACM"
}
@inproceedings{zilio2004recommending,
  title="{Recommending Materialized Views and Indexes with the IBM DB2 Design Advisor}",
  author="{Zilio, D.C. et. al.}",
  booktitle={Autonomic Computing},
  pages={180--187},
  year={2004},
  organization={IEEE}
}

@INPROCEEDINGS{Zilio04:db2design,
    AUTHOR = "{Zilio, D.C. et. al.}",
    TITLE = "{DB2 Design Advisor: Integrated Automatic Physical Database}",
    BOOKTITLE = "VLDB",
    YEAR = {2004},
    PAGES = "1087--1097",
    ORGANIZATION="VLDB Endowment"
}
@inproceedings{rao2002automating,
  title="{Automating Physical Database Design in A Parallel Database}",
  author="{Rao, J. et. al.}",
  booktitle={SIGMOD},
  pages={558--569},
  year={2002},
  organization={ACM}
}
@INPROCEEDINGS{Lightstone04:db2auto,
    AUTHOR = "{Lightstone, S. et. al.}",
    TITLE = "{Automated Design of Multi-dimensional Clustering Tables for Relational Databases}",
    BOOKTITLE = "VLDB",
    YEAR = {2004},
    PAGES = "1170--1181",
    ORGANIZATION="VLDB"
}
@inproceedings{nehme2011automated,
  title="{Automated Partitioning Design in Parallel Database Systems}",
  author="{Nehme, R. et. al.}",
  booktitle="{SIGMOD}",
  pages={1137--1148},
  year={2011},
  organization={ACM}
}
@inproceedings{Agrawal04:sqlserver,
  title="{Database Tuning Advisor for Microsoft SQL Server 2005: Demo}",
  author="{Agrawal, S. et. al.}",
  booktitle={SIGMOD},
  pages={930--932},
  year={2005},
  organization={ACM}
}

@MISC{itwsqlserver,
      author = "{Microsoft SQL Server 2000}",
      title = "{Index Tuning Wizard SQL Server 2000}",
      howpublished = "http://technet.microsoft.com/en-us/library/cc966541.aspx",
}
@MISC{sheet2009oracle,
  author="{Oracle}",
  title="{Partitioning Advisor}",
  howpublished="http://www.oracle.com/technetwork/database/options/ partitioning/twp-partitioning-11gr2-2009-09-130569.pdf",
}
@MISC{tpch,
  author="{TPC-H}",
  title="{TPC-H}",
  howpublished="http://www.tpc.org/tpch/default.asp",
}
@MISC{saa2007oracle,
  author="{Oracle}",
  title="{SQL Access Advisor}",
  note="http://docs.oracle.com/cd/B19306\_01/server.102/b14211/ advisor.htm",
}
@MISC{oneil:ssb,
      author = "{O'Neil, P. et. al.}",
      title = "{The Star Schema Benchmark (SSB)}",
      howpublished = "http://www.cs.umb.edu/~poneil/StarSchemaB.PDF",
      year = "2007" 
}
@MISC{sinclair:ppi,
      author = "Sinclair, P.",
      title = "{Using PPIs to Improve Performance}",
      year = {2008},
      note = {[Online]. Available: http://www.teradata.com/tdmo/v08n03/pdf/AR5731.pdf (current August 2015)}    
}
@MISC{klindt09mlppi,
      author = "Klindt, J.",
      title = "{Single-level and Multilevel Partitioned Primary Indexes}",
      note = {[Online]. Available: http://www.teradata.com/white-papers/Single-level-and-Multilevel-Partitioned-Primary-Indexes-eb1889/ (current July 2015)}
}
@MISC{td:columnar,
      author = "{Teradata}",
      title = "{Teradata Columnar}",
      howpublished = "http://www.teradata.com/database/Teradata-Columnar/"
}

@MISC{Ontology02,
  author =       {Ribi\v{c}re, M. and Charlton, P.},
  title =        {Ontology Overview},
  howpublished = {Motorola Labs, Paris},
  year =         {2002},
  note =         {[Online]. Available: http://www.fipa.org/docs/input/f-in-00045/f-in-00045.pdf (current October 2003)}
}

@inproceedings{Suh12,
 author = {Suh, Young-Kyoon and Ghazal, Ahmad and Crolotte, Alain and Kostamaa, Pekka},
 title = "{A New Tool for Multi-level Partitioning in Teradata}",
 booktitle = {Proceedings of the 21st ACM International Conference on Information and Knowledge Management},
 year = {2012},
 pages = {2214--2218},
 publisher = {ACM},
 address = {New York, NY, USA}
} 
